@book{Hofstadter:1979,
 author = {Hofstadter, Douglas R.},
 title = {{G\"{o}del, Escher, Bach: An Eternal Golden Braid}},
 year = {1979},
 isbn = {0465026850},
 publisher = {Basic Books, Inc.},
 address = {New York, NY, USA}
} 

@misc{xkcd,
 author = {Munroe, Randall},
 title = {{Ballmer Peak}},
 howpublished = {http://xkcd.com/323/},
 note = {{Last Visited: 23th October 2013}}
}
